@ARTICLE{10025655,
  author={},
  journal={IEEE Std 11073-10206-2022}, 
  title={IEEE Standard - Health informatics -- Device interoperability -- Part 10206: Personal health device communication -- Abstract Content Information Model}, 
  year={2023},
  volume={},
  number={},
  pages={1-90},
  keywords={IEEE Standards;Medical devices;Interoperability;Point of care;Bioinformatics;device interoperability;IEEE 11073-10206;personal health device communication},
  doi={10.1109/IEEESTD.2023.10025655}}  
}
@online{FHIROBSERVATION,
    title={FHIR Observation},
    editor={HL7 FHIR},
    URL={https://www.hl7.org/fhir/observation.html},
}
@online{FHIRVALIDATOR,
    title={FHIR Validator},
    editor={HL7 FHIR},
    URL={https://validator.fhir.org/}
}
@online{GSON,
    title={Gson Library},
    editor={Google Inc.},
    URL={https://github.com/google/gson}
}
@online{JsonReader,
    title={JsonReader},
    editor={Android Developers},
    URL={https://developer.android.com/reference/android/util/JsonReader}
}